Automatically generated by Mendeley Desktop 1.12-dev4
Any changes to this file will be lost if it is regenerated by Mendeley.

BibTeX export options can be customized via Options -> BibTeX in Mendeley Desktop

@article{Lamport1978,
author = {Lamport, L},
file = {:home/etn/Documents/PhD/Biblio/Lamport - 1978 - Time, clocks, and the ordering of events in a distributed system.pdf:pdf},
journal = {Communications of the ACM},
title = {{Time, clocks, and the ordering of events in a distributed system}},
url = {http://dl.acm.org/citation.cfm?id=359563},
year = {1978}
}
@article{DeCandia2007,
author = {DeCandia, G and Hastorun, D},
file = {:home/etn/Documents/PhD/Biblio/DeCandia, Hastorun - 2007 - Dynamo amazon's highly available key-value store.pdf:pdf},
journal = {ACM SIGOPS  \ldots},
title = {{Dynamo: amazon's highly available key-value store}},
url = {http://dl.acm.org/citation.cfm?id=1294281},
year = {2007}
}
@article{Gilbert2002,
author = {Gilbert, S and Lynch, N},
file = {:home/etn/Documents/PhD/Biblio/BrewersConjecture-SigAct.pdf:pdf},
journal = {ACM SIGACT News},
title = {{Brewer's conjecture and the feasibility of consistent, available, partition-tolerant web services}},
url = {http://dl.acm.org/citation.cfm?id=564601},
year = {2002}
}
@article{Steen2007,
author = {Steen, Marteen Van and Tanenbaum, Andrew S},
journal = {Network},
title = {{Distributed Systems: principles and paradigms}},
url = {http://u.cs.biu.ac.il/~ariel/download/ds590/pdfs/notes.01.pdf},
year = {2007}
}
@book{Liskov1988,
author = {Liskov, B and Shrira, L},
title = {{Promises: linguistic support for efficient asynchronous procedure calls in distributed systems}},
url = {http://dl.acm.org/citation.cfm?id=54016},
year = {1988}
}
@book{Fox1997,
author = {Fox, A and Gribble, SD and Chawathe, Y and Brewer, EA and Gauthier, P},
file = {:home/etn/Documents/PhD/Biblio/Fox et al. - 1997 - Cluster-based scalable network services.pdf:pdf},
title = {{Cluster-based scalable network services}},
url = {http://dl.acm.org/citation.cfm?id=266662},
year = {1997}
}
@article{Karger1997,
author = {Karger, D and Lehman, E and Leighton, T},
journal = {Proceedings of the  \ldots},
title = {{Consistent hashing and random trees: Distributed caching protocols for relieving hot spots on the World Wide Web}},
url = {http://dl.acm.org/citation.cfm?id=258660},
year = {1997}
}
@article{Fouquet2012,
author = {Fouquet, F and Morin, B and Fleurey, F},
journal = {\ldots  on Component Based  \ldots},
title = {{A dynamic component model for cyber physical systems}},
url = {http://dl.acm.org/citation.cfm?id=2304759},
year = {2012}
}
