Automatically generated by Mendeley Desktop 1.14.1-dev7
Any changes to this file will be lost if it is regenerated by Mendeley.

BibTeX export options can be customized via Options -> BibTeX in Mendeley Desktop

@article{Sullivan2001,
author = {Sullivan, Kevin J. and Griswold, William G. and Cai, Yuanfang and Hallen, Ben},
doi = {10.1145/503271.503224},
file = {:home/etn/Documents/PhD/Biblio/Sullivan et al. - 2001 - The structure and value of modularity in software design.pdf:pdf},
isbn = {1-58113-390-1},
issn = {01635948},
journal = {ACM SIGSOFT Software Engineering Notes},
keywords = {design structure matrix,modularity,real options,software},
month = {sep},
number = {5},
pages = {99},
publisher = {ACM},
title = {{The structure and value of modularity in software design}},
url = {http://dl.acm.org/citation.cfm?id=503271.503224},
volume = {26},
year = {2001}
}
@article{Parnas2002,
author = {Parnas, DL},
journal = {Software pioneers},
title = {{The secret history of information hiding}},
url = {http://link.springer.com/chapter/10.1007/978-3-642-59412-0_26},
year = {2002}
}
@article{Parnas1972,
author = {Parnas, DL},
file = {:home/etn/Documents/PhD/Biblio/Parnas - 1972 - On the criteria to be used in decomposing systems into modules.pdf:pdf},
journal = {Communications of the ACM},
title = {{On the criteria to be used in decomposing systems into modules}},
url = {http://dl.acm.org/citation.cfm?id=361623},
year = {1972}
}
